@book{brockwell2009,
  title={Time Series: Theory and Methods},
  author={Brockwell, Peter J. and Davis, Richard A.},
  year={2009},
  publisher={Springer Science \& Business Media}
}
